@book{burden2010,
	title = {Numerical Analysis},
	edition = {9th},
	author = {Burden, R. and Faires, J},
	year = {2010},
	publisher = {Brooks/Cole}
}

@misc(slide,
	author = {Unknown},
	url = {http://slideplayer.com/slide/5185520/}
}
