@book{burden2010,
	title = {Numerical Analysis},
	edition = {9th Edition},
	author = {Burden, R. and Faires, J},
	year = {2010},
	publisher = {Brooks/Cole}
}
